@Book{Gallian,
  title = "Contemporary Abstract Algebra",
  author = "Joseph A. Gallian",
  publisher = "Houghton Mifflin Company",
  edition = "sixth",
  year = "2006",
  pages = "145",
}

@Article{Mandelbrot,
  author =       "B.B. Mandelbrot",
  title =        "Stochastic models for the Earth's relief, the shape and the fractal dimension of the coastlines, and the number-area rule for islands",
  year =         "1975",
  journal =      "Proc. Nat. Acad. Sci. USA",
  volume =       "72",
  number =       "10",
  pages =        "3825--3828",
}

@Article{Miller,
  author =       "G.S.P Miller",
  title =        "The Definition and Rendering of Terrain Maps",
  year =         "1986",
  journal =      "Computer Graphics",
  volume =       "20",
  number =       "4",
}

@Article{Kareem,
  author =       "M. Kareem",
  title =        "Generating Fractal Landscapes by Using Fast Fourier Transform",
  year =         "2008",
  journal =      "Journal of Al-Nahrain University",
  volume =       "11",
  number =       "3",
  pages =        "128--130",
}

@Article{CooleyTukey,
  author =       "J.W. Cooley and J.W. Tukey",
  title =        "An algorithm for the machine calculation of complex Fourier series",
  year =         "1965",
  journal =      "Mathematics of Computation",
  volume =       "19",
  pages =        "297--301",
}

@incollection{PabstJense,
  author =       "Joost Van Lawick Van Pabst and Hans Jense",
  title =        "Dynamic Terrain Generation Based on Multifractal Techniques",
  publisher =    "Springer London",
  year =         "1996",
  booktitle =    "High Performance Computing for Computer Graphics and Visualisation",
  editor =       "M. Chen and P. Townsend and J.A. Vince",
  pages =        "186--203",
}
